Fiscal Quarter Ending,Total Revenue,Gross Profit,Net Income,EBITDA,R&D Expenses,Total Assets,Total Liabilities,Cash Flow from Operating Activities,Cash Flow from Investing Activities,Cash Flow from Financing Activities,Dividends Paid
2023-12-31,39605000000,31910000000,14017000000,17070000000,10517000000,229623000000,76455000000,19404000000,-6472000000,-8401000000,None
2023-09-30,34009000000,27799000000,11583000000,14269000000,9241000000,216274000000,73401000000,20402000000,-6077000000,-5875000000,None
2023-06-30,31884000000,25939000000,7788000000,9533000000,9344000000,206688000000,72655000000,17309000000,-5203000000,5292000000,None
2023-03-31,28591000000,22483000000,5709000000,7512000000,9381000000,184491000000,59696000000,13998000000,-6743000000,-10516000000,None
2022-12-31,31920000000,23584000000,4653000000,6455000000,9771000000,185727000000,60014000000,14511000000,-7531000000,-7060000000,None
2022-09-30,27710000000,21994000000,4395000000,5717000000,9170000000,178894000000,54800000000,9692000000,-9701000000,2147000000,None
2022-06-30,28818000000,23626000000,6687000000,8338000000,8690000000,169779000000,44012000000,12196000000,-6959000000,-6563000000,None
2022-03-31,27904000000,21899000000,7465000000,9050000000,7707000000,164218000000,40990000000,14076000000,-4779000000,-10660000000,None
2021-12-31,33527000000,27179000000,10285000000,12842000000,7046000000,165987000000,41108000000,18104000000,5829000000,-21742000000,None
2021-09-30,29006000000,23235000000,9194000000,10781000000,6316000000,169585000000,36225000000,14090000000,-330000000,-15252000000,None
2021-06-30,29073000000,23674000000,10394000000,12722000000,6096000000,170609000000,32382000000,13247000000,-8195000000,-8549000000,None
2021-03-31,26167000000,21036000000,9497000000,11706000000,5197000000,163523000000,29866000000,12242000000,-4874000000,-5185000000,None
2020-12-31,27940000000,22730000000,11219000000,13253000000,5207000000,159316000000,31026000000,14040000000,-5173000000,-3207000000,None
2020-09-30,21466000000,17272000000,7846000000,8325000000,4763000000,146437000000,28706000000,9829000000,-16599000000,-2911000000,None
2020-06-30,18683000000,14854000000,5178000000,6313000000,4462000000,139691000000,29244000000,3877000000,-4178000000,-2152000000,None
2020-03-31,17734000000,14275000000,4902000000,6035000000,4015000000,138371000000,33067000000,11001000000,-4109000000,-2022000000,None
2019-12-31,20966000000,17475000000,7349000000,9340000000,3878000000,133376000000,32322000000,9083000000,-4036000000,-2026000000,None
2019-09-30,17648000000,14493000000,6091000000,7529000000,3548000000,124418000000,30419000000,9307000000,-5050000000,-2019000000,None
2019-06-30,16883000000,13576000000,2616000000,5038000000,3315000000,117006000000,28244000000,8616000000,-4010000000,-1831000000,None
2019-03-31,15077000000,12261000000,2429000000,3640000000,2860000000,109477000000,22961000000,9308000000,-6768000000,-1423000000,None
2018-12-31,16692000000,13896000000,6882000000,7977000000,2855000000,97334000000,13207000000,7618000000,-3685000000,-3541000000,None
2018-09-30,13727000000,11309000000,5137000000,5937000000,2657000000,92452000000,12110000000,7498000000,-4247000000,-5157000000,None
2018-06-30,13231000000,11017000000,5106000000,6021000000,2523000000,90291000000,10909000000,6298000000,-2384000000,-4271000000,None
2018-03-31,11966000000,10039000000,4988000000,5618000000,2238000000,88945000000,11325000000,7860000000,-1287000000,-2603000000,None
2017-12-31,12972000000,11361000000,4269000000,7522000000,1949000000,84524000000,10177000000,7671000000,-5003000000,-1843000000,None
2017-09-30,10328000000,8880000000,4707000000,5295000000,2052000000,78998000000,7790000000,6127000000,-3729000000,-1531000000,None
2017-06-30,9321000000,8084000000,3894000000,4575000000,1919000000,73843000000,7362000000,5360000000,-5466000000,-869000000,None
2017-03-31,8032000000,6873000000,3064000000,3502000000,1834000000,68714000000,6526000000,5058000000,-5920000000,-992000000,None
2016-12-31,8809000000,7762000000,3569000000,4750000000,1563000000,64961000000,5767000000,4930000000,-2028000000,4000000,None
2016-09-30,7011000000,6024000000,2627000000,3312000000,1542000000,60007000000,4886000000,4036000000,-3117000000,-8000000,None
2016-06-30,6436000000,5519000000,2283000000,2927000000,1471000000,55968000000,4373000000,3665000000,-4971000000,4000000,None
2016-03-31,5382000000,4544000000,1738000000,2190000000,1343000000,52262000000,3674000000,3477000000,-1676000000,-310000000,None
2015-12-31,5841000000,5017000000,1561000000,2751000000,1314000000,49407000000,5189000000,4548000000,-2726000000,-1167000000,None
2015-09-30,4501000000,3781000000,896000000,1639000000,1271000000,46469000000,5049000000,2192000000,-3300000000,315000000,None
2015-06-30,4042000000,3374000000,719000000,1453000000,1170000000,44130000000,4678000000,1880000000,-564000000,342000000,None
2015-03-31,3543000000,2889000000,512000000,1112000000,1062000000,42007000000,4506000000,1700000000,-2844000000,371000000,None
2014-12-31,3851000000,3199000000,701000000,1311000000,1111000000,39966000000,3870000000,3452000000,-6616000000,-1468000000,None
2014-09-30,3203000000,2638000000,806000000,1456000000,608000000,24188000000,2950000000,1248000000,2997000000,438000000,None
2014-06-30,2910000000,2437000000,791000000,1431000000,492000000,20769000000,2423000000,1341000000,-422000000,470000000,None
2014-03-31,2502000000,2040000000,642000000,1116000000,455000000,19028000000,2291000000,1285000000,-1872000000,262000000,None
2013-12-31,2586000000,2095000000,523000000,1175000000,409000000,17895000000,2425000000,1231000000,-2534000000,1525000000,None
2013-09-30,2016000000,1509000000,425000000,784000000,369000000,14933000000,1885000000,950000000,734000000,-1599000000,None
2013-06-30,1813000000,1348000000,333000000,595000000,344000000,15724000000,3375000000,1322000000,-498000000,-149000000,None
2013-03-31,1458000000,1045000000,219000000,401000000,293000000,15163000000,3339000000,719000000,-326000000,-444000000,None
2012-12-31,1585000000,1188000000,64000000,555000000,297000000,15103000000,3348000000,681000000,535000000,-1314000000,None
2012-09-30,1262000000,940000000,-59000000,414000000,244000000,16038000000,1864000000,250000000,-389000000,507000000,None
2012-06-30,1184000000,817000000,-157000000,-747000000,705000000,14928000000,1619000000,240000000,-6450000000,7040000000,None
